@misc{WEB-Wikipedia-Clique_problem,
	Howpublished = {\url{http://en.wikipedia.org/wiki/Clique\_problem}},
	Month = {March},
	Title = {{Clique problem, From Wikipedia, the free encyclopedia}},
	Year = {2015}}